receive_ts;exchange_ts;price;quantity;side;rebuild
1770656944933436;1770656944930164;913725.38299291;15.43080351;bid;1
1770656944930828;1770656944930202;813416.21882447;4.97446860;ask;0
1770656944932363;1770656944930210;768760.11567887;13.08232216;ask;1
1770656944930394;1770656944930215;732065.43097800;15.00312816;bid;1
1770656944933260;1770656944930220;587459.43364938;17.04274389;ask;1
1770656944932583;1770656944930224;930557.31764573;16.27955671;ask;0
1770656944934161;1770656944930227;518.85798029;4.46427079;ask;0
1770656944932340;1770656944930231;120950.17433956;1.24953380;bid;0
1770656944932226;1770656944930235;36403.11967539;18.09700831;bid;0
1770656944930444;1770656944930238;312013.90235153;11.00963846;bid;0
1770656944931060;1770656944930242;600554.14201850;13.58322307;bid;0
1770656944934753;1770656944930246;642564.72928393;2.93516621;ask;0
1770656944931910;1770656944930250;845497.08168225;14.06740411;ask;1
1770656944930893;1770656944930253;620633.40960830;15.18650651;bid;1
1770656944930643;1770656944930257;496297.84164230;1.49173143;ask;0
1770656944932032;1770656944930260;822337.67038918;8.47627215;ask;1
1770656944931011;1770656944930264;450915.10838864;3.48560220;bid;0
1770656944934326;1770656944930268;265368.07451139;9.49813657;ask;1
1770656944933352;1770656944930272;887821.01780607;13.92406549;ask;1
1770656944932662;1770656944930276;875894.41424393;4.30477133;bid;1
1770656944934901;1770656944930281;408962.85875947;3.36582710;bid;1
1770656944934669;1770656944930285;857350.89935547;10.79570666;ask;1
1770656944934576;1770656944930289;700989.92485642;5.67669063;ask;1
1770656944934800;1770656944930292;715898.19873439;0.44827121;bid;1
1770656944934161;1770656944930297;728344.03555235;14.70369829;bid;1
1770656944935074;1770656944930300;398549.89923903;18.03615130;bid;1
1770656944930600;1770656944930304;568225.34451733;9.27687780;ask;0
1770656944932457;1770656944930308;329957.81201083;9.56748324;bid;1
1770656944931012;1770656944930312;669175.67248297;0.76438273;bid;1
1770656944933489;1770656944930316;504515.13142077;16.47640343;ask;0
1770656944932405;1770656944930319;227705.76118553;3.26675918;ask;1
1770656944934996;1770656944930323;421334.32807417;8.09597737;bid;0
1770656944931017;1770656944930327;141144.63978709;3.57851683;ask;1
1770656944933182;1770656944930330;996493.11797967;13.00562056;ask;0
1770656944930830;1770656944930334;165134.54834213;19.74112904;bid;0
1770656944934367;1770656944930338;855370.42933851;3.40110698;ask;1
1770656944933557;1770656944930341;382123.66960544;4.59719674;ask;0
1770656944932321;1770656944930345;807684.86747052;8.56925577;bid;1
1770656944933363;1770656944930349;13407.71813697;9.33954699;ask;0
1770656944933931;1770656944930352;249830.42682712;15.83929395;ask;0
1770656944932373;1770656944930356;973679.78230326;0.90496917;bid;1
1770656944932156;1770656944930360;612656.89204243;1.85907544;ask;1
1770656944931386;1770656944930364;465065.87373469;18.30828049;bid;0
1770656944931293;1770656944930367;624692.81584011;4.98229276;ask;1
1770656944932949;1770656944930371;151498.75638179;13.01443540;ask;0
1770656944935146;1770656944930374;187638.22565181;7.02404828;ask;1
1770656944931947;1770656944930378;240907.22497941;17.16574188;bid;0
1770656944931480;1770656944930381;900947.62754434;17.78203668;bid;1
1770656944931885;1770656944930385;232066.14311607;7.72553129;bid;1
1770656944932297;1770656944930389;449827.43682459;4.44368667;bid;0
1770656944934141;1770656944930393;664173.50147857;14.04006549;bid;1
1770656944931091;1770656944930397;910507.81095027;7.67352140;ask;0
1770656944931087;1770656944930401;327104.82142771;15.30486746;ask;1
1770656944931399;1770656944930404;633341.20596918;16.11482750;bid;1
1770656944935306;1770656944930408;476796.93987243;0.06934552;ask;0
1770656944933627;1770656944930411;397227.42885605;15.00057857;bid;0
1770656944934931;1770656944930416;13105.05881432;19.27402184;bid;0
1770656944930725;1770656944930420;257910.61999982;7.88723106;bid;1
1770656944931576;1770656944930424;591883.14358753;5.70200492;ask;0
1770656944934116;1770656944930428;242278.50471107;7.89349954;ask;1
1770656944930713;1770656944930432;378123.89469030;4.63655095;bid;1
1770656944930546;1770656944930436;17012.02076260;15.62557588;ask;0
1770656944930980;1770656944930439;314580.02768961;2.14480474;ask;0
1770656944935041;1770656944930443;69524.43502910;18.73387941;bid;1
1770656944932635;1770656944930447;752424.44603690;0.50043677;ask;1
1770656944933847;1770656944930451;494018.95683455;3.60635102;bid;0
1770656944931328;1770656944930454;153401.43416322;3.75683507;bid;1
1770656944931963;1770656944930458;632306.58938570;8.76411681;ask;1
1770656944932021;1770656944930462;486295.65671466;2.24765964;ask;0
1770656944934859;1770656944930466;58939.62870400;19.44849255;ask;0
1770656944932087;1770656944930470;778547.50992913;3.94692931;ask;1
1770656944931325;1770656944930473;392016.62834604;3.22575589;bid;1
1770656944931787;1770656944930477;726287.89499237;1.68844801;bid;0
1770656944931690;1770656944930481;315797.04543302;8.25486334;ask;1
1770656944934443;1770656944930484;874957.46932612;7.24199588;ask;0
1770656944933497;1770656944930488;675235.85271812;18.97472859;bid;1
1770656944934830;1770656944930493;759694.40681092;15.94444078;ask;1
1770656944933545;1770656944930496;977217.66375985;9.67174503;ask;0
1770656944932661;1770656944930500;592615.45662951;4.17874625;ask;0
1770656944931699;1770656944930503;305205.27931294;1.43504044;ask;0
1770656944932377;1770656944930507;561496.75598072;8.41995443;bid;1
1770656944933596;1770656944930511;505773.84725609;1.05845789;ask;0
1770656944932608;1770656944930515;828332.81981186;11.23803377;bid;0
1770656944931359;1770656944930518;907567.52165871;10.78095942;bid;0
1770656944934844;1770656944930522;405046.62634232;4.50151730;ask;1
1770656944934088;1770656944930526;854669.62276805;4.21373895;ask;1
1770656944932224;1770656944930529;709954.61938540;9.47012920;bid;0
1770656944931120;1770656944930533;100450.87035373;10.83869835;bid;1
1770656944931982;1770656944930537;169955.93851868;7.26825107;bid;1
1770656944933366;1770656944930540;846930.04368796;13.35310012;bid;0
1770656944931400;1770656944930544;403469.53517598;4.43139218;bid;0
1770656944935055;1770656944930548;74265.02077112;18.20742290;ask;0
1770656944933964;1770656944930552;990610.44679656;8.10116470;ask;1
1770656944932076;1770656944930557;255589.98262923;6.65463633;ask;1
1770656944931848;1770656944930560;394645.77002015;6.49291031;bid;0
1770656944935145;1770656944930564;255153.07324017;9.98639859;bid;1
1770656944934044;1770656944930568;913964.28488015;2.27601712;bid;1
1770656944931968;1770656944930572;726644.12694292;12.12212364;bid;0
1770656944931333;1770656944930575;206213.46971736;12.24719646;ask;1
1770656944933505;1770656944930579;606490.74368796;0.18444187;bid;1
1770656944931215;1770656944930583;66421.42732185;6.60150174;ask;0
1770656944932372;1770656944930586;577383.77490906;4.83348368;ask;1
1770656944932178;1770656944930590;971773.38850806;17.96682205;bid;1
1770656944932330;1770656944930594;254063.42592824;6.23526441;ask;0
1770656944933472;1770656944930597;742925.13954594;16.25836027;ask;0
1770656944934283;1770656944930601;657806.14407853;14.79256019;bid;1
1770656944932157;1770656944930605;804516.64838107;18.65099648;bid;1
1770656944931805;1770656944930609;145374.63456969;2.99496711;ask;1
1770656944932771;1770656944930613;394969.75634495;19.81324166;ask;1
1770656944934469;1770656944930617;64311.07168608;9.76410350;bid;0
1770656944934691;1770656944930621;859048.67052275;19.47580195;bid;1
1770656944935476;1770656944930624;143587.26335601;10.75347272;bid;1
1770656944935334;1770656944930628;929652.77276426;5.08832632;ask;0
1770656944933880;1770656944930632;91478.21614708;0.51308222;ask;1
1770656944933666;1770656944930635;298597.28866718;7.33888817;ask;0
1770656944934248;1770656944930639;764080.48997272;19.40135559;ask;1
1770656944932660;1770656944930643;633774.87707562;2.17289358;bid;0
1770656944931987;1770656944930647;687268.86906842;4.34756112;bid;1
1770656944930951;1770656944930650;867917.68053634;16.88558586;bid;0
1770656944932685;1770656944930654;408117.38564419;18.98275250;bid;1
1770656944931606;1770656944930743;59686.78657999;11.95948589;ask;1
1770656944932455;1770656944930751;324755.04197542;12.59833303;ask;1
1770656944931329;1770656944930755;47799.95558272;16.19697646;bid;0
1770656944933237;1770656944930759;277719.31206283;9.74969478;ask;1
1770656944935264;1770656944930762;638408.94807302;13.17395516;bid;1
1770656944931149;1770656944930766;598795.33852725;15.30382992;bid;1
1770656944932456;1770656944930770;895622.10348984;4.04093659;bid;1
1770656944932937;1770656944930773;944235.19913173;16.38829591;bid;0
1770656944933025;1770656944930777;288205.00811496;6.55044143;bid;0
1770656944934845;1770656944930781;44424.89311841;6.18456545;bid;0
1770656944935370;1770656944930784;32401.60621093;17.61345391;ask;0
1770656944933121;1770656944930788;473924.57516154;15.11297859;ask;1
1770656944932797;1770656944930792;46792.39854164;6.76123488;ask;1
1770656944931754;1770656944930796;660898.94083371;0.78314712;bid;0
1770656944932338;1770656944930800;591158.21807434;1.83229987;ask;0
1770656944931732;1770656944930803;794543.04154622;2.65904484;bid;0
1770656944934557;1770656944930807;96629.06093065;5.43805943;ask;0
1770656944932036;1770656944930812;950398.80241101;5.26987584;bid;0
1770656944933148;1770656944930815;839534.57964500;13.82708705;bid;0
1770656944935475;1770656944930819;668023.06947939;9.73278536;bid;0
1770656944935206;1770656944930822;451241.38421056;9.33822126;bid;1
1770656944933915;1770656944930826;447285.92650875;9.44397491;ask;0
1770656944931327;1770656944930830;372300.57045060;14.58068258;ask;1
1770656944932285;1770656944930833;640549.37266087;6.53657987;ask;0
1770656944931368;1770656944930837;135547.33435858;7.92183363;bid;0
1770656944935099;1770656944930841;428673.27637710;2.33513086;ask;0
1770656944933351;1770656944930845;287727.59034632;13.16440587;bid;0
1770656944935693;1770656944930848;185284.52866406;7.71601440;bid;0
1770656944934283;1770656944930852;794532.46485484;13.06459854;bid;1
1770656944935768;1770656944930856;406648.28745699;15.93575092;bid;0
1770656944931928;1770656944930859;476557.87799447;1.49440076;ask;1
1770656944935003;1770656944930863;667011.00391744;10.14518147;bid;0
1770656944932757;1770656944930867;397036.39752008;18.36038098;bid;1
1770656944932616;1770656944930871;439626.05604137;11.12999330;ask;0
1770656944932476;1770656944930874;163187.20791924;2.42041711;bid;0
1770656944935139;1770656944930878;142956.96458598;1.00382693;bid;1
1770656944933926;1770656944930882;440497.90069354;6.51378685;ask;0
1770656944934986;1770656944930885;399497.62275405;15.13272410;ask;0
1770656944934281;1770656944930889;289217.03646253;14.05736024;ask;0
1770656944934957;1770656944930893;475182.01416855;5.01683157;bid;1
1770656944932815;1770656944930897;471095.19313211;6.94408611;ask;0
1770656944935663;1770656944930901;65511.55359559;19.55342760;bid;1
1770656944934639;1770656944930904;78773.41047788;13.06957716;bid;1
1770656944935112;1770656944930908;295032.07273350;9.30229092;bid;1
1770656944932223;1770656944930912;275060.01128771;10.15064853;ask;0
1770656944933758;1770656944930915;802757.40082508;16.58251932;ask;1
1770656944931292;1770656944930919;781153.43745896;19.01662629;bid;1
1770656944935886;1770656944930923;162415.04537743;3.77699545;bid;1
1770656944934720;1770656944930927;71078.34868819;16.04007841;ask;0
1770656944931903;1770656944930930;301223.10147942;6.97184387;ask;0
1770656944931433;1770656944930934;52807.82634399;18.27314201;bid;0
1770656944935908;1770656944930937;949066.45708948;5.42687144;ask;1
1770656944932452;1770656944930941;946976.01328571;14.69626153;bid;0
1770656944931964;1770656944930945;856973.81879747;14.58344712;bid;1
1770656944935439;1770656944930949;8421.74067864;1.78122648;bid;0
1770656944931280;1770656944930952;397200.87461490;5.71145803;bid;0
1770656944934480;1770656944930956;152174.08813915;4.65190084;ask;0
1770656944933185;1770656944930960;556261.65346403;6.75803779;bid;0
1770656944932000;1770656944930964;221795.86356442;4.75056045;ask;0
1770656944933872;1770656944930967;253840.23270182;7.18698668;bid;1
1770656944931153;1770656944930971;472718.39352852;19.29221085;bid;0
1770656944934598;1770656944930975;560618.90353586;7.26706611;bid;0
1770656944934042;1770656944930978;980001.76676626;11.78948434;ask;0
1770656944935671;1770656944930982;28692.07090963;2.80420526;bid;0
1770656944931280;1770656944930985;961691.08365619;3.15162767;bid;0
1770656944932834;1770656944930989;987885.99888460;16.38246777;bid;0
1770656944935014;1770656944930993;610564.95261637;9.21408786;bid;0
1770656944933269;1770656944930997;434095.96801697;0.59998284;bid;1
1770656944933876;1770656944931001;164150.96946000;13.09916534;bid;0
1770656944933918;1770656944931005;750762.38509673;19.95806745;ask;1
1770656944931847;1770656944931009;402182.21158804;0.23670135;ask;1
1770656944933036;1770656944931012;543569.64450065;11.47980123;ask;0
1770656944932122;1770656944931016;395087.20995492;15.73556695;ask;0
1770656944931635;1770656944931020;355684.57822010;2.47713901;ask;1
1770656944935015;1770656944931023;690301.04262618;10.29102255;ask;0
1770656944934213;1770656944931027;688883.09742536;0.23464071;bid;0
1770656944934182;1770656944931030;716353.17502601;6.56625419;bid;0
1770656944931543;1770656944931035;407101.52375627;1.86577279;ask;0
1770656944935264;1770656944931039;261956.98464899;5.50213962;ask;1
1770656944932647;1770656944931043;896337.00717785;16.59753934;bid;1
1770656944932281;1770656944931046;97380.90166480;0.28817157;ask;1
1770656944932013;1770656944931050;869636.37665247;17.39412221;ask;1
1770656944934494;1770656944931054;143205.28279791;17.23279330;ask;1
1770656944931617;1770656944931057;772389.50797685;0.08315180;ask;1
1770656944933885;1770656944931061;760203.15275953;5.37349852;ask;1
1770656944933239;1770656944931064;552659.46819179;0.42362586;bid;0
1770656944932950;1770656944931068;482488.22162418;12.55130667;ask;0
1770656944935148;1770656944931072;216613.24885797;6.77664079;bid;1
1770656944931783;1770656944931075;972605.36385160;11.22019369;bid;1
1770656944932419;1770656944931079;905291.14461661;14.29777844;bid;1
1770656944933135;1770656944931083;597938.17719561;0.13129919;ask;1
1770656944932961;1770656944931086;228859.55768719;2.03668569;ask;1
1770656944932637;1770656944931090;794882.19948416;4.24786995;ask;1
1770656944932157;1770656944931094;728373.01373741;9.67586476;ask;1
1770656944932305;1770656944931097;212086.22976721;10.80142365;bid;0
1770656944934909;1770656944931101;594475.10764319;3.51811434;bid;1
1770656944932045;1770656944931105;504658.54989006;11.87624413;ask;0
1770656944935208;1770656944931109;924356.24635803;6.36131944;ask;0
1770656944931998;1770656944931112;972175.71108687;19.15493715;bid;0
1770656944931668;1770656944931116;170365.10236746;13.48600311;ask;1
1770656944932675;1770656944931120;711834.45371641;15.20472714;ask;0
1770656944931888;1770656944931123;351716.06604046;11.68679315;ask;1
1770656944935161;1770656944931127;918401.56836978;8.57193945;bid;0
1770656944934626;1770656944931131;742450.88349023;5.00299720;bid;1
1770656944934809;1770656944931134;793166.11032636;19.69189577;ask;1
1770656944935357;1770656944931138;474737.23936779;0.25510463;ask;0
1770656944933952;1770656944931141;895040.48335893;4.65123961;bid;0
1770656944934742;1770656944931145;862323.20008993;6.96293072;ask;1
1770656944933567;1770656944931149;773636.74652356;2.38487965;bid;0
1770656944931801;1770656944931153;788598.14456916;12.82042219;ask;1
1770656944931266;1770656944931157;283439.26502622;14.15288705;bid;0
1770656944933233;1770656944931161;575668.62923192;16.35035580;ask;1
1770656944931920;1770656944931164;826159.53786785;6.58608042;ask;0
1770656944936012;1770656944931168;925731.04314771;1.69620382;ask;1
1770656944932260;1770656944931172;105478.81644342;3.69382748;ask;0
1770656944931824;1770656944931175;264600.23789389;8.49557392;ask;1
1770656944935350;1770656944931179;542416.78371744;5.23951697;bid;1
1770656944931981;1770656944931183;206935.12601599;15.61525419;bid;0
1770656944933894;1770656944931186;941636.33679914;17.54227393;bid;1
1770656944932897;1770656944931190;883576.30370989;4.10447500;ask;1
1770656944933358;1770656944931226;355678.43211662;8.54166144;ask;1
1770656944931710;1770656944931232;575447.95788048;9.61496942;bid;0
1770656944936117;1770656944931235;79464.64276107;9.08780248;bid;1
1770656944932376;1770656944931239;230488.85045927;6.63641626;bid;0
1770656944935942;1770656944931243;501490.73227526;17.03997656;ask;0
1770656944933278;1770656944931246;779512.88385571;14.94368008;ask;1
1770656944932831;1770656944931250;655828.12972964;6.05369740;ask;1
1770656944935805;1770656944931254;802813.82799771;4.94481148;bid;0
1770656944936115;1770656944931258;448419.83677053;0.77385082;ask;1
1770656944933198;1770656944931261;204075.47538332;16.20126653;ask;1
1770656944934729;1770656944931265;330953.46358751;8.76105115;ask;1
1770656944932415;1770656944931269;844621.26453494;19.43043191;bid;0
1770656944933936;1770656944931273;65892.34554544;17.49765514;bid;0
1770656944933045;1770656944931276;282392.11266050;16.72283636;bid;0
1770656944934362;1770656944931280;803509.49915617;11.56881175;bid;1
1770656944933149;1770656944931285;556322.28553283;18.36021946;ask;0
1770656944933287;1770656944931288;669829.17927890;3.99396391;bid;0
1770656944935052;1770656944931292;328511.45366121;16.59970367;ask;0
1770656944933634;1770656944931296;183446.80644112;13.53872012;bid;1
1770656944932135;1770656944931300;428347.97751102;7.69800608;bid;1
1770656944935549;1770656944931303;250423.66727336;2.95180265;bid;0
1770656944935822;1770656944931307;329087.60179568;3.12211228;ask;1
1770656944936046;1770656944931311;848445.95423293;12.18914685;bid;0
1770656944933109;1770656944931314;995302.13547594;17.64203184;ask;0
1770656944932293;1770656944931318;495591.60363730;1.54519170;bid;0
1770656944935169;1770656944931322;480418.28799763;9.92179411;ask;1
1770656944934523;1770656944931326;401822.08165688;0.21083682;ask;0
1770656944931454;1770656944931329;185377.36864820;10.97077159;ask;1
1770656944933056;1770656944931333;979028.03132585;5.38107255;ask;0
1770656944933953;1770656944931337;136233.70766781;16.62489155;ask;1
1770656944934422;1770656944931340;482.07754574;4.81272093;ask;0
1770656944933020;1770656944931344;6401.94840688;3.62734599;ask;0
1770656944935145;1770656944931348;153259.91267893;13.05825307;ask;0
1770656944934142;1770656944931352;832194.17275275;14.30774944;bid;0
1770656944934122;1770656944931355;942573.62388601;15.94859762;bid;0
1770656944931879;1770656944931359;595062.97414857;9.69241168;ask;0
1770656944932615;1770656944931362;457708.91014155;7.21236589;ask;0
1770656944936121;1770656944931366;454706.60562769;5.21197827;ask;1
1770656944932665;1770656944931370;105349.78282337;14.38437475;bid;0
1770656944934293;1770656944931374;325032.81296016;16.39730522;bid;1
1770656944931930;1770656944931378;520005.69732471;12.94750290;bid;1
1770656944932720;1770656944931381;130580.87827558;11.02346185;ask;1
1770656944932036;1770656944931385;28324.24699746;7.46355691;bid;1
1770656944934231;1770656944931389;952028.42815547;10.99191598;bid;1
1770656944933356;1770656944931393;858352.50234607;9.92284621;ask;1
1770656944932904;1770656944931396;450642.84591162;13.95074558;bid;1
1770656944935243;1770656944931400;119294.72568563;16.07566071;bid;0
1770656944934453;1770656944931404;533521.40077433;2.05313509;bid;0
1770656944934360;1770656944931407;6768.08966939;11.50752543;bid;0
1770656944933740;1770656944931411;322646.89683620;16.35209257;bid;1
1770656944934858;1770656944931414;303128.47353317;13.87254977;ask;1
1770656944933971;1770656944931418;152234.75031669;18.74105577;bid;0
1770656944933408;1770656944931422;889635.71455924;8.64846658;ask;1
1770656944933973;1770656944931425;755254.55089609;8.19680259;ask;1
1770656944931973;1770656944931429;888415.66147370;6.03432984;ask;1
1770656944934760;1770656944931433;110999.14066568;19.83984362;ask;0
1770656944932265;1770656944931437;814713.25181557;18.22523867;bid;1
1770656944934664;1770656944931440;735997.75352602;4.02810916;bid;1
1770656944932732;1770656944931444;303141.91701290;17.75634126;bid;1
1770656944931744;1770656944931448;44338.41093279;13.49156333;ask;1
1770656944935096;1770656944931451;556572.14520621;13.79229865;ask;0
1770656944935943;1770656944931455;558279.59330672;7.18269824;bid;1
1770656944936248;1770656944931459;540150.44683365;9.48232953;bid;0
1770656944933954;1770656944931463;474004.94147089;16.78604044;ask;0
1770656944931941;1770656944931466;923914.95489091;3.48999229;bid;0
1770656944934751;1770656944931470;19262.38528214;12.10917813;ask;0
1770656944934053;1770656944931474;612963.69674122;15.47372981;ask;0
1770656944933716;1770656944931478;366011.93639415;8.22864665;ask;0
1770656944932460;1770656944931481;260413.50589706;13.37612205;ask;1
1770656944936181;1770656944931485;917469.38559384;3.85819792;ask;1
1770656944935834;1770656944931489;561988.96142550;6.38098026;bid;0
1770656944932540;1770656944931492;946693.15948558;13.27460233;bid;0
1770656944934801;1770656944931496;18406.11717334;16.77406114;ask;1
1770656944933263;1770656944931500;513724.61425772;16.53737286;ask;1
1770656944934496;1770656944931504;503689.86437889;11.78871240;bid;1
1770656944931944;1770656944931507;682409.88519797;7.89271998;bid;0
1770656944932941;1770656944931511;758544.36891207;17.13524360;ask;0
1770656944934835;1770656944931515;481641.24254436;9.52428874;ask;1
1770656944932023;1770656944931519;253337.86417190;13.74700349;bid;0
1770656944931822;1770656944931522;48867.94216743;8.96586915;ask;0
1770656944936133;1770656944931527;857793.94491345;1.02629791;bid;0
1770656944933397;1770656944931530;432456.40910883;16.68821097;ask;1
1770656944933067;1770656944931534;180932.95743820;11.42484654;ask;1
1770656944934076;1770656944931537;804152.61533769;7.66279422;ask;1
1770656944935856;1770656944931541;233364.09632080;18.35405530;ask;1
1770656944936303;1770656944931545;842243.74717650;9.76753639;ask;1
1770656944934619;1770656944931548;482420.91547789;8.93076519;ask;1
1770656944936002;1770656944931552;191357.18143671;7.31961058;bid;1
1770656944934743;1770656944931556;295455.33533084;16.58073497;ask;1
1770656944931964;1770656944931559;163119.89806898;10.37771484;bid;0
1770656944932036;1770656944931563;18259.47218248;17.68928936;ask;1
1770656944935975;1770656944931567;568421.50056676;16.81681473;bid;1
1770656944932703;1770656944931570;164890.04709417;3.12533682;bid;1
1770656944935794;1770656944931574;819009.98643837;8.59969308;ask;0
1770656944934805;1770656944931578;532332.68184974;18.38332128;ask;1
1770656944933725;1770656944931582;533752.90483373;13.54280184;ask;1
1770656944934191;1770656944931586;363453.15024183;6.11140906;ask;1
1770656944934845;1770656944931589;805708.22356782;15.19543087;bid;0
1770656944934176;1770656944931593;143168.70634042;0.22805190;bid;0
1770656944932598;1770656944931597;801128.77337411;8.96098251;bid;0
1770656944934471;1770656944931600;876166.82042035;19.66494855;bid;1
1770656944935236;1770656944931604;700671.13847830;19.77305853;ask;0
1770656944935251;1770656944931608;975234.73034478;1.54086543;bid;1
1770656944933131;1770656944931611;45077.50417178;17.32326901;ask;0
1770656944935417;1770656944931615;554145.03133031;6.53187655;bid;1
1770656944932343;1770656944931619;711008.16336319;18.32829057;ask;0
1770656944936474;1770656944931623;425830.97761110;0.08717871;ask;1
1770656944934229;1770656944931627;237351.50067929;19.21698499;bid;0
1770656944936292;1770656944931631;685960.69360726;14.19793296;ask;0
1770656944933416;1770656944931635;361278.93863840;19.67600216;bid;0
1770656944935450;1770656944931638;846740.64144032;4.92358587;bid;1
1770656944932055;1770656944931642;679753.60407168;15.77246976;bid;0
1770656944932708;1770656944931646;755468.63776319;3.49086906;ask;1
1770656944935821;1770656944931650;196591.85626192;0.22233128;ask;1
1770656944935093;1770656944931654;477219.23312781;15.66950552;ask;1
1770656944935936;1770656944931657;982328.54501594;16.61900931;ask;1
1770656944936064;1770656944931661;54847.76062942;0.59105509;ask;0
1770656944931855;1770656944931665;501832.38816545;10.98979126;bid;1
1770656944936533;1770656944931669;556923.87992783;1.99872355;ask;0
1770656944934848;1770656944931672;302145.72818498;4.24444136;ask;1
1770656944933572;1770656944931686;689830.05052537;11.52823748;ask;1
1770656944936534;1770656944931691;222989.10067325;1.63597520;ask;1
1770656944936437;1770656944931695;584591.43496596;17.64196652;bid;0
1770656944934387;1770656944931698;544378.85591044;5.24839426;bid;1
1770656944933539;1770656944931702;155949.03924829;17.03927024;bid;0
1770656944932397;1770656944931706;782045.06801681;8.32628909;ask;0
1770656944933614;1770656944931709;144813.35544654;14.07613798;bid;1
1770656944936173;1770656944931713;81982.94838579;19.30327853;ask;1
1770656944935397;1770656944931717;847892.34054289;11.24979996;ask;0
1770656944935912;1770656944931720;145204.39840180;0.63821919;bid;1
1770656944933700;1770656944931724;420705.99554951;8.75426583;ask;0
1770656944934839;1770656944931728;587672.92898150;4.79391712;bid;0
1770656944933000;1770656944931731;490881.61657246;1.45308585;bid;0
1770656944933087;1770656944931735;616016.04418120;6.64495750;bid;1
1770656944935745;1770656944931739;370833.59023777;9.91844489;bid;1
1770656944932991;1770656944931743;567843.83280333;18.40642963;bid;0
1770656944933793;1770656944931746;254806.23471752;19.64710529;bid;1
1770656944936614;1770656944931750;180964.44130057;5.15601830;bid;0
1770656944935186;1770656944931754;401821.40467717;4.23415400;ask;1
1770656944934839;1770656944931758;85073.19434342;5.94160828;bid;1
1770656944932488;1770656944931762;664117.62809451;2.58676969;ask;0
1770656944936614;1770656944931766;74961.06611134;18.39530822;bid;1
1770656944933831;1770656944931770;79741.73606023;11.53047020;bid;1
1770656944932693;1770656944931774;452745.43586207;10.02539537;bid;0
1770656944936051;1770656944931777;416619.42344676;0.19483674;ask;0
1770656944932806;1770656944931781;378150.86778451;9.40126059;bid;0
1770656944934885;1770656944931785;53950.63357963;8.63156953;ask;1
1770656944935545;1770656944931788;817316.10493402;2.26754684;ask;0
1770656944935424;1770656944931792;986265.37722773;3.76521770;bid;1
1770656944936362;1770656944931796;868282.49000033;5.04389120;ask;0
1770656944933876;1770656944931800;702505.81871232;12.42188821;bid;0
1770656944933752;1770656944931804;422658.92541712;1.18770625;ask;0
1770656944935294;1770656944931807;848968.71156685;15.15627178;ask;1
1770656944936015;1770656944931811;59443.06336231;12.81728537;bid;1
1770656944936647;1770656944931815;345545.06334232;6.92096680;bid;0
1770656944935199;1770656944931819;504553.99804244;18.44750399;ask;0
1770656944935487;1770656944931822;16218.51391333;13.23989119;bid;1
1770656944932901;1770656944931826;490888.84206944;18.12603090;bid;1
1770656944936747;1770656944931830;176705.27977982;13.96758143;bid;1
1770656944936736;1770656944931834;152627.17942711;10.43174970;ask;0
1770656944935748;1770656944931837;862070.16258897;13.62255743;bid;0
1770656944934130;1770656944931841;558742.54350312;19.22287718;ask;1
1770656944933064;1770656944931845;754964.89087661;12.17879840;bid;1
1770656944936498;1770656944931856;956679.83995185;9.53683782;ask;0
1770656944935386;1770656944931860;563894.43415284;16.87769790;ask;0
1770656944932753;1770656944931864;577136.57312211;10.02428769;bid;1
1770656944932274;1770656944931888;300809.18823660;15.17823938;ask;1
1770656944935252;1770656944931892;799766.66966206;12.77834199;ask;0
1770656944936223;1770656944931895;835137.66673018;5.41422516;ask;1
1770656944934398;1770656944931899;670887.66031249;19.79739764;bid;0
1770656944933534;1770656944931903;544283.94981635;4.61296423;ask;0
1770656944935033;1770656944931906;706936.52085225;4.27833211;ask;0
1770656944932333;1770656944931910;920362.10862454;3.76107304;ask;1
1770656944934189;1770656944931914;166207.67205943;13.41320516;ask;1
1770656944934195;1770656944931918;829790.81596060;10.77244409;bid;1
1770656944934449;1770656944931921;165511.55418617;12.19057323;bid;1
1770656944935916;1770656944931925;463518.72867407;1.15391970;ask;1
1770656944933845;1770656944931929;64575.23327119;4.64193412;bid;0
1770656944932882;1770656944931932;765537.73083044;9.20853257;bid;0
1770656944935362;1770656944931936;576004.85793299;4.66629200;ask;1
1770656944932384;1770656944931939;498486.91360970;15.65100015;bid;0
1770656944934256;1770656944931943;209198.13359564;9.28290778;bid;0
1770656944934983;1770656944931946;495674.54363585;11.69826910;bid;0
1770656944936729;1770656944931950;326304.90303218;14.43493932;ask;0
1770656944933199;1770656944931954;305948.16384119;6.68190410;ask;0
1770656944933130;1770656944931958;863718.56968312;3.19625919;ask;1
1770656944933258;1770656944931962;160335.43805701;16.66148760;ask;0
1770656944936194;1770656944931966;402187.26059466;0.51310360;ask;0
1770656944936205;1770656944931969;121011.14591320;9.90416552;bid;0
1770656944934905;1770656944931973;741905.29018340;18.77753754;ask;0
1770656944932122;1770656944931977;517140.24817731;5.13247597;bid;0
1770656944935447;1770656944931980;683653.66491934;2.73703472;bid;1
1770656944934229;1770656944931984;463092.16581849;17.79378982;ask;0
1770656944934524;1770656944931988;441565.60811910;4.36676429;bid;0
1770656944933636;1770656944931991;589722.85148309;7.82415199;bid;0
1770656944936050;1770656944931995;487367.92966854;17.99075084;ask;0
1770656944935612;1770656944931999;873692.90742314;7.37896657;ask;0
1770656944934933;1770656944932003;329903.12721416;1.76222785;ask;0
1770656944936838;1770656944932006;149099.07863268;8.65441527;bid;0
1770656944936417;1770656944932010;221537.05308269;5.87921918;ask;0
1770656944935064;1770656944932014;78145.98335959;15.55839593;bid;0
1770656944932452;1770656944932018;489772.21346820;8.09350495;ask;1
1770656944936691;1770656944932022;572501.81091578;10.73672294;bid;0
1770656944933029;1770656944932025;419016.97829561;8.17639087;ask;0
1770656944933060;1770656944932029;564772.37688174;2.48299799;ask;0
1770656944932156;1770656944932032;269620.66887631;2.86868290;bid;1
1770656944934756;1770656944932037;728236.27267199;2.54279105;ask;1
1770656944935219;1770656944932040;774692.65016307;13.69121420;bid;1
1770656944932199;1770656944932044;208727.88398596;7.49821546;ask;0
1770656944935203;1770656944932047;926253.17334440;5.94487362;bid;0
1770656944934805;1770656944932051;818394.62432550;14.04873815;bid;1
1770656944936941;1770656944932055;217281.97785804;10.87547254;ask;0
1770656944934701;1770656944932059;566959.34846869;7.82336166;bid;0
1770656944934460;1770656944932062;777415.79537065;1.04838353;ask;0
1770656944936371;1770656944932067;644833.71938625;8.79149676;ask;0
1770656944932398;1770656944932071;579160.44370318;4.14863478;ask;1
1770656944932475;1770656944932074;563597.79652857;8.98525573;bid;0
1770656944935172;1770656944932078;885256.38745778;2.40735483;ask;1
1770656944932464;1770656944932081;331420.64502653;9.28343671;bid;0
1770656944934870;1770656944932085;72200.60533866;1.31741094;bid;0
1770656944933865;1770656944932088;916762.36804437;6.73590303;ask;0
1770656944932519;1770656944932092;37061.93799567;18.13166690;ask;0
1770656944935136;1770656944932096;512958.14829206;15.54142082;bid;1
1770656944932764;1770656944932099;848122.27492655;9.51914969;ask;1
1770656944936678;1770656944932103;568771.40793356;17.20793530;ask;1
1770656944935968;1770656944932107;218224.11237035;9.42028662;ask;0
1770656944933441;1770656944932111;293838.61057768;8.53103683;bid;0
1770656944934237;1770656944932114;678253.41205244;1.46073056;ask;1
1770656944936839;1770656944932119;869251.36640999;9.16312912;bid;1
1770656944932379;1770656944932122;816278.45288796;7.45122841;ask;1
1770656944934298;1770656944932126;918090.49744745;13.42032357;bid;1
1770656944933111;1770656944932130;440657.63827588;11.16726170;ask;0
1770656944934035;1770656944932133;975159.45132058;2.83186664;ask;1
1770656944937076;1770656944932137;194264.92519806;5.18428050;ask;1
1770656944935544;1770656944932141;973065.33274688;17.69859989;bid;1
1770656944937038;1770656944932145;475904.38339172;1.11852467;bid;1
1770656944936197;1770656944932148;313488.26787703;18.48592609;bid;0
1770656944932952;1770656944932152;480088.90998372;8.45237384;ask;1
1770656944936927;1770656944932156;962746.67039206;1.44499471;ask;0
1770656944937043;1770656944932159;729345.39718151;5.33854411;ask;1
1770656944936515;1770656944932187;552244.35493233;7.77729970;ask;0
1770656944937005;1770656944932193;863792.23691073;2.99609881;ask;0
1770656944935091;1770656944932196;840258.69826363;13.84928383;ask;0
1770656944935867;1770656944932200;865199.32866046;6.83760997;ask;1
1770656944932746;1770656944932204;24427.15796672;15.08802247;bid;0
1770656944936641;1770656944932208;464882.39018147;0.32614075;bid;1
1770656944935288;1770656944932211;865307.35225621;15.72768317;ask;0
1770656944935204;1770656944932215;281534.91585336;5.92462026;bid;0
1770656944932924;1770656944932218;74750.98862532;8.60720442;ask;0
1770656944934353;1770656944932222;563163.53584593;15.68847621;ask;0
1770656944934734;1770656944932226;287492.86517645;8.03688411;ask;1
1770656944936541;1770656944932230;122114.71098422;2.45888929;ask;0
1770656944933923;1770656944932233;482007.80427982;19.48954105;bid;1
1770656944936483;1770656944932237;53942.76117323;4.80859299;ask;1
1770656944937069;1770656944932241;876672.61940754;12.70649568;ask;1
1770656944936065;1770656944932244;755119.86118818;15.09563479;ask;1
1770656944935248;1770656944932248;130788.70067476;4.62377532;ask;0
1770656944932610;1770656944932252;844761.61368701;9.36729015;ask;1
1770656944934468;1770656944932255;752131.50443074;0.39019324;ask;0
1770656944936954;1770656944932259;19284.10414824;11.99396963;ask;0
1770656944934330;1770656944932262;637802.45500525;6.06744526;ask;0
1770656944937177;1770656944932266;191102.12570245;18.85531623;ask;1
1770656944936503;1770656944932270;802039.39880397;16.01359193;ask;1
1770656944935497;1770656944932274;384950.63584283;6.20772278;bid;1
1770656944934672;1770656944932278;330521.25586948;19.01481177;bid;1
1770656944937129;1770656944932282;413090.42263512;11.63225231;ask;1
1770656944936623;1770656944932285;847905.76405532;13.96990161;bid;1
1770656944934342;1770656944932289;934739.30949137;9.08835466;bid;1
1770656944934627;1770656944932293;216681.95562292;8.79753494;bid;1
1770656944933390;1770656944932297;463540.36866484;6.00905844;ask;0
1770656944934131;1770656944932300;611838.37292589;3.58446052;ask;0
1770656944935032;1770656944932305;907901.39126041;11.86964708;bid;1
1770656944934452;1770656944932309;109480.49603995;14.90041031;ask;0
1770656944934915;1770656944932312;148581.95690229;19.20532213;ask;1
1770656944933692;1770656944932316;555713.73765223;14.41674621;ask;0
1770656944932627;1770656944932320;199807.67822341;11.95182193;bid;1
1770656944932855;1770656944932324;289047.32632873;19.10499858;bid;0
1770656944936804;1770656944932327;119445.72074275;8.80128860;bid;0
1770656944934722;1770656944932331;171240.72566862;12.83868787;bid;0
1770656944933944;1770656944932335;775379.63599795;15.51378107;bid;1
1770656944935976;1770656944932338;144111.17402888;2.34079214;bid;0
1770656944935086;1770656944932342;623768.79327138;1.63676310;ask;0
1770656944934109;1770656944932345;952978.57943977;1.58268441;bid;0
1770656944933950;1770656944932349;562758.16286774;5.71890269;bid;1
1770656944934444;1770656944932353;409838.98169551;0.61989670;ask;0
1770656944933779;1770656944932357;226206.14615599;15.26200791;ask;1
1770656944934724;1770656944932361;208339.59325422;8.38651917;bid;0
1770656944936375;1770656944932364;864997.79365151;4.60198510;ask;1
1770656944936996;1770656944932368;752658.48037660;8.64909468;bid;0
1770656944933663;1770656944932371;707712.72283086;0.91342795;ask;0
1770656944932681;1770656944932376;985833.15944556;18.53708974;bid;0
1770656944933486;1770656944932379;559773.71423568;14.98182359;bid;1
1770656944934569;1770656944932383;554937.99058205;10.09453374;ask;1
1770656944934969;1770656944932387;836738.50415503;15.53049662;ask;1
1770656944937074;1770656944932390;663883.53993497;19.62830796;bid;1
1770656944932995;1770656944932394;64926.43055427;19.17681603;bid;0
1770656944936118;1770656944932398;343261.46119779;15.13201835;ask;1
1770656944932950;1770656944932402;788836.31995587;11.86012658;ask;0
1770656944934270;1770656944932405;433683.30422561;0.86702284;ask;0
1770656944935506;1770656944932409;34587.23963375;18.41308128;bid;0
1770656944935961;1770656944932412;414526.38082343;9.05354274;ask;0
1770656944934015;1770656944932416;382217.38385928;18.96956532;ask;1
1770656944935531;1770656944932420;371019.81343951;2.76306084;bid;0
1770656944936994;1770656944932423;337149.92290992;15.41650041;ask;0
1770656944932672;1770656944932427;909843.60742795;2.14788368;ask;0
1770656944933024;1770656944932431;243058.50453800;8.97663580;bid;0
1770656944934000;1770656944932435;796098.31894268;7.08395720;bid;1
1770656944934811;1770656944932438;252514.09783073;11.87882247;bid;0
1770656944932884;1770656944932442;30866.08750744;5.98645678;bid;0
1770656944935772;1770656944932446;519211.46617273;10.76702092;ask;0
1770656944935366;1770656944932449;919953.49138406;6.08414579;bid;0
1770656944936233;1770656944932453;605568.77413675;19.37740789;bid;1
1770656944934945;1770656944932457;666153.53479569;13.82006196;ask;1
1770656944932769;1770656944932460;757548.22301139;3.33964221;bid;0
1770656944936724;1770656944932464;300441.37072283;18.72474752;ask;1
1770656944935063;1770656944932468;481971.39446291;14.74502430;ask;0
1770656944937127;1770656944932471;825345.51417866;9.89574043;bid;0
1770656944936350;1770656944932475;74850.00181530;1.29186219;bid;0
1770656944933495;1770656944932479;640816.23617977;18.76751233;ask;1
1770656944933303;1770656944932483;293155.28807000;9.65552795;bid;0
1770656944933343;1770656944932486;403993.62232370;19.35090536;bid;1
1770656944934873;1770656944932490;354936.43977254;4.17727803;ask;1
1770656944937084;1770656944932494;388903.29937937;5.91833673;ask;0
1770656944934628;1770656944932497;885251.25200060;11.26065009;ask;1
1770656944936305;1770656944932501;306556.51381824;18.78434624;ask;0
1770656944937456;1770656944932505;272997.28395526;6.98653640;bid;0
1770656944934319;1770656944932508;948897.43203177;6.48727228;ask;1
1770656944933862;1770656944932512;501204.31152189;0.39683176;bid;1
1770656944935993;1770656944932515;581250.17859970;10.31392444;bid;0
1770656944935771;1770656944932519;913172.53517656;18.15819555;bid;0
1770656944934971;1770656944932523;452265.40760887;5.71964972;bid;0
1770656944936088;1770656944932527;627365.27393331;11.33086381;bid;1
1770656944935718;1770656944932530;802028.24935184;16.29417714;bid;1
1770656944933440;1770656944932535;474852.53840651;12.24725670;ask;0
1770656944934727;1770656944932539;115955.83153190;0.42865508;ask;0
1770656944935030;1770656944932542;836607.83257607;8.44017117;bid;0
1770656944936169;1770656944932546;642316.78813280;5.15438178;ask;1
1770656944932805;1770656944932550;236553.93912780;5.60119813;ask;0
1770656944936458;1770656944932553;920919.33090930;9.10598724;ask;0
1770656944933250;1770656944932557;183021.58301645;2.34662380;bid;1
1770656944932728;1770656944932561;960583.73344444;11.16503165;ask;0
1770656944935710;1770656944932564;58111.85282185;2.36404032;ask;1
1770656944933705;1770656944932568;13825.35284048;16.62862491;bid;0
1770656944934136;1770656944932572;167983.14171772;13.37636953;ask;1
1770656944935114;1770656944932575;488422.28042595;10.26180572;ask;0
1770656944937028;1770656944932579;450051.22262488;5.04741169;ask;0
1770656944934739;1770656944932582;119.63377686;9.69513535;ask;1
1770656944932925;1770656944932586;278630.96559573;0.13814859;ask;0
1770656944936764;1770656944932590;664672.76844993;8.60991978;ask;1
1770656944934024;1770656944932594;231242.31501073;18.41112158;ask;1
1770656944936741;1770656944932598;125322.74983304;7.30974961;bid;1
1770656944933323;1770656944932602;12194.46465347;4.88740115;ask;1
1770656944935637;1770656944932605;27372.83728447;4.94324794;ask;0
1770656944935212;1770656944932609;219562.69378336;15.75349946;bid;1
1770656944933125;1770656944932612;658676.35607276;10.56174024;ask;1
1770656944934753;1770656944932616;938113.15461676;17.30678025;bid;0
1770656944934479;1770656944932619;567478.93242285;3.53854922;bid;0
1770656944935432;1770656944932623;894509.86556044;4.83402818;bid;0
1770656944934571;1770656944932627;840806.04214525;4.73883182;bid;0
1770656944936236;1770656944932631;217282.84385487;11.21663825;bid;1
1770656944936332;1770656944932658;139003.35935509;9.71925439;ask;1
1770656944936191;1770656944932663;798503.72390500;3.77319164;ask;0
1770656944933982;1770656944932667;887541.92157420;16.49872243;ask;1
1770656944934062;1770656944932671;181781.65683909;15.77646964;bid;1
1770656944937509;1770656944932674;841500.31261824;19.05815156;bid;1
1770656944933882;1770656944932678;957952.08891530;10.49409941;bid;1
1770656944935211;1770656944932681;457550.66089339;10.15275586;bid;0
1770656944934009;1770656944932685;700923.80141779;12.94999148;bid;0
1770656944933897;1770656944932689;12333.46181620;10.03887113;ask;1
1770656944934166;1770656944932692;460067.59139226;9.37903223;bid;0
1770656944936868;1770656944932696;623336.56522376;13.82628331;ask;0
1770656944935428;1770656944932700;338434.78412256;6.19478341;bid;1
1770656944937169;1770656944932704;413528.18139685;0.94151983;ask;1
1770656944936759;1770656944932707;844757.75669524;7.78361161;bid;0
1770656944935709;1770656944932711;234575.12422030;18.78176089;ask;0
1770656944933506;1770656944932715;901009.59532616;1.32074138;ask;0
1770656944934872;1770656944932718;263625.52678361;6.84705606;bid;1
1770656944936958;1770656944932722;709362.28554644;6.87543567;ask;1
1770656944933995;1770656944932726;277525.17972271;17.73961837;ask;1
1770656944937251;1770656944932730;341494.25611824;11.87491597;ask;1
1770656944933516;1770656944932733;947207.31138630;12.74204909;bid;0
1770656944933802;1770656944932737;305289.73084602;6.11337304;ask;0
1770656944934127;1770656944932740;825852.77677278;17.86284200;ask;0
1770656944934631;1770656944932744;412668.82465837;18.06702348;ask;1
1770656944936909;1770656944932748;521900.28720630;18.80575553;bid;0
1770656944937342;1770656944932752;54423.74612798;11.26679640;ask;1
1770656944934291;1770656944932755;765264.15385379;15.91348746;bid;1
1770656944934883;1770656944932759;970590.74512653;13.08863441;bid;1
1770656944936182;1770656944932763;490605.90772244;8.15298062;bid;0
1770656944935343;1770656944932767;590297.31115069;19.76627869;ask;0
1770656944936066;1770656944932770;580842.87145863;17.23375386;bid;0
1770656944937732;1770656944932774;272763.74333051;14.08523421;bid;1
1770656944935897;1770656944932778;935515.10344572;13.15437528;bid;1
1770656944936451;1770656944932782;672822.94205646;11.86467193;bid;0
1770656944936506;1770656944932786;753379.75407619;0.13432604;ask;0
1770656944933808;1770656944932789;642690.51818506;15.49133088;bid;0
1770656944935188;1770656944932793;164269.31213862;17.02957408;bid;0
1770656944934480;1770656944932797;868118.79630911;0.32342432;bid;0
1770656944937435;1770656944932800;595284.93372910;1.70648391;bid;1
1770656944933375;1770656944932805;866422.84906532;16.46338700;bid;1
1770656944933644;1770656944932809;170042.94534435;13.57370160;bid;0
1770656944935961;1770656944932812;695317.87109294;12.44575574;ask;0
1770656944934786;1770656944932816;481376.81648652;10.51143936;bid;0
1770656944934849;1770656944932820;577873.30334628;5.35910216;ask;0
1770656944937377;1770656944932824;728511.73097500;3.57931980;ask;1
1770656944935571;1770656944932828;945775.77210654;6.70673356;ask;1
1770656944934063;1770656944932831;865883.83097951;10.32061861;bid;1
1770656944936981;1770656944932835;974087.92035713;10.59796778;bid;0
1770656944934622;1770656944932839;980688.56038576;5.87765863;bid;1
1770656944936490;1770656944932842;239156.38968896;17.22109581;ask;1
1770656944936692;1770656944932846;80325.03399690;14.80123341;ask;1
1770656944937008;1770656944932850;553422.17900973;4.98659985;bid;0
1770656944933722;1770656944932854;421685.07712510;2.40719048;ask;1
1770656944935141;1770656944932857;572593.28098706;5.30111064;bid;1
1770656944937474;1770656944932861;919576.80323369;16.89110271;bid;1
1770656944933044;1770656944932864;727383.16001532;19.69608929;bid;1
1770656944936585;1770656944932868;646832.28682152;17.54622116;ask;0
1770656944937457;1770656944932872;840905.72923314;2.91178330;bid;1
1770656944937161;1770656944932876;436426.02314810;10.85292142;bid;0
1770656944937407;1770656944932880;746682.88013955;9.42162893;bid;0
1770656944936488;1770656944932883;220043.42381123;14.82709100;bid;0
1770656944936539;1770656944932887;204749.23648835;14.79491446;ask;0
1770656944937321;1770656944932891;226237.42640468;12.72438706;bid;0
1770656944934395;1770656944932895;336263.61882921;3.65370659;bid;1
1770656944937445;1770656944932898;241386.84575196;10.99123023;bid;1
1770656944934212;1770656944932902;389799.93676579;0.36461614;ask;0
1770656944934016;1770656944932906;962050.37195178;4.32589586;bid;0
1770656944935432;1770656944932910;231090.01646563;14.81078669;bid;1
1770656944933080;1770656944932914;402182.21754805;10.64733852;ask;0
1770656944937074;1770656944932917;456875.67903327;2.00832550;bid;0
1770656944933906;1770656944932921;281824.59219056;19.45779151;ask;0
1770656944937667;1770656944932925;198136.87708998;18.50144327;ask;0
1770656944935639;1770656944932928;618565.36940938;14.41572121;ask;0
1770656944935351;1770656944932932;113205.09842754;10.04565617;ask;0
1770656944935292;1770656944932936;433100.30663801;17.61469681;ask;0
1770656944933071;1770656944932939;18470.04762188;2.63066915;bid;1
1770656944936762;1770656944932943;386072.78295486;13.22274918;bid;1
1770656944936334;1770656944932947;29820.59354045;7.93422117;bid;0
1770656944937222;1770656944932951;981507.49651198;6.25587738;bid;0
1770656944934888;1770656944932954;453398.70043036;3.10740735;ask;1
1770656944935684;1770656944932958;459726.03933252;6.58736443;bid;1
1770656944933355;1770656944932962;538855.51754776;11.05253224;bid;1
1770656944937620;1770656944932966;956005.59333369;1.07885241;ask;1
1770656944933693;1770656944932969;649831.41458944;3.71865938;ask;0
1770656944936430;1770656944932973;23024.31912968;4.55301685;bid;1
1770656944936233;1770656944932977;22023.55201910;3.51462783;bid;0
1770656944936849;1770656944932981;258193.60504676;11.28201050;ask;1
1770656944934730;1770656944932984;511090.31555368;10.50375375;bid;1
1770656944933198;1770656944932988;133356.73399411;7.55259276;ask;1
1770656944935792;1770656944932992;525603.55629108;7.07246425;bid;0
1770656944934767;1770656944932995;95660.01714652;5.45400258;bid;1
1770656944936997;1770656944932999;260770.55402490;12.89590631;bid;0
1770656944936756;1770656944933003;276845.39238745;18.82136287;ask;0
1770656944936210;1770656944933006;703683.06486408;17.31054215;bid;1
1770656944936728;1770656944933010;93471.50942603;4.61757519;bid;0
1770656944934123;1770656944933014;867478.56201427;18.37546240;bid;1
1770656944935993;1770656944933018;501518.20992047;15.23759748;ask;0
1770656944933155;1770656944933021;566990.87260884;8.65820072;bid;1
1770656944938020;1770656944933025;5159.36329734;11.97982205;bid;1
1770656944937841;1770656944933029;494265.12377840;10.78304878;ask;1
1770656944934686;1770656944933032;116023.38082958;7.59321910;ask;1
1770656944935264;1770656944933036;829596.43457528;7.83086928;bid;1
1770656944936850;1770656944933040;335946.79169071;8.91517699;bid;1
1770656944937482;1770656944933044;741910.64363287;5.53996896;bid;0
1770656944937213;1770656944933048;30726.84779445;8.99648158;bid;1
1770656944933957;1770656944933051;450831.98391057;10.19404806;ask;1
1770656944936308;1770656944933055;218608.17076556;7.10433722;ask;1
1770656944937612;1770656944933059;485967.97307579;10.25239558;bid;0
1770656944935962;1770656944933063;134795.84603343;14.16837732;bid;1
1770656944934900;1770656944933067;381254.61764389;6.53607157;bid;1
1770656944937810;1770656944933071;346383.18556609;19.13021726;ask;0
1770656944936365;1770656944933074;237911.65632838;16.00432579;ask;0
1770656944936918;1770656944933078;372869.63786539;2.26352246;bid;0
1770656944934985;1770656944933082;366693.44980920;11.42811826;bid;1
1770656944933899;1770656944933086;16931.35135478;3.88833104;ask;0
1770656944936895;1770656944933089;176828.42047831;18.96990994;ask;1
1770656944935179;1770656944933093;441307.34803623;0.38027499;ask;1
1770656944935059;1770656944933097;993711.16904627;6.50076230;bid;1
1770656944934676;1770656944933100;571573.03748595;9.82000790;bid;0
1770656944936783;1770656944933104;84413.44634925;7.04054287;bid;0
1770656944935220;1770656944933117;865203.26863001;0.70511233;bid;1
1770656944937329;1770656944933121;223728.04958014;2.48875809;bid;0
1770656944934395;1770656944933125;241723.38833216;7.90228851;ask;0
1770656944935281;1770656944933128;348003.74587967;3.44687845;bid;1
1770656944933725;1770656944933132;735492.85539367;13.41181992;ask;0
1770656944937007;1770656944933136;289322.19476839;15.29718012;ask;0
1770656944937703;1770656944933139;84349.77218461;6.47186432;bid;1
1770656944935829;1770656944933143;965155.55515887;9.02019197;ask;1
1770656944937594;1770656944933147;333035.97893735;5.23487671;bid;1
1770656944934992;1770656944933151;287305.70692784;1.92325930;ask;1
1770656944937978;1770656944933154;646972.83239161;3.56608907;bid;0
1770656944935819;1770656944933158;826103.12686958;19.67079252;ask;0
1770656944934532;1770656944933161;877563.21687318;19.61048768;bid;1
1770656944935979;1770656944933165;455433.44485000;11.25390852;bid;1
1770656944933974;1770656944933169;173123.72478582;17.94964774;bid;0
1770656944935560;1770656944933172;664456.46278486;18.80281354;ask;0
1770656944934420;1770656944933176;595859.99648784;6.92149782;bid;0
1770656944937953;1770656944933179;347369.61228282;5.27685256;ask;0
1770656944935267;1770656944933183;430240.94156069;7.21502690;bid;0
1770656944934848;1770656944933187;491226.54448379;2.58175764;bid;1
1770656944935389;1770656944933190;422106.10035304;13.54456247;ask;1
1770656944935267;1770656944933194;757255.06288531;3.74147207;bid;0
1770656944937468;1770656944933198;888442.25978958;0.48170073;bid;0
1770656944933935;1770656944933202;639958.95760870;13.61120091;bid;0
1770656944936469;1770656944933206;992967.01507076;4.36406293;ask;1
1770656944937424;1770656944933209;780898.33175317;0.01303656;ask;1
1770656944933802;1770656944933213;959386.37170754;4.03860697;ask;1
1770656944935911;1770656944933217;422760.38549356;4.33635394;bid;0
1770656944933537;1770656944933220;571449.59813965;11.14808660;bid;0
1770656944934067;1770656944933224;552689.24681301;19.93202869;ask;0
1770656944934472;1770656944933227;872225.56186610;19.98714208;bid;1
1770656944937150;1770656944933231;122336.72909152;16.42898333;ask;1
1770656944934492;1770656944933235;448280.74730467;19.87505091;ask;0
1770656944936778;1770656944933239;446120.99412246;3.86512577;ask;0
1770656944936320;1770656944933242;472854.34180299;11.12893866;bid;1
1770656944936048;1770656944933246;638115.94507746;10.39566473;ask;0
1770656944934536;1770656944933249;573951.74468682;5.71782626;ask;0
1770656944937309;1770656944933253;805660.68665234;16.97309710;ask;0
1770656944938256;1770656944933257;755100.46427985;14.56252878;ask;0
1770656944937471;1770656944933261;263967.25916614;8.04146718;bid;1
1770656944935353;1770656944933265;258701.62924819;8.83109568;ask;0
1770656944934236;1770656944933268;743579.49932861;4.87785623;ask;1
1770656944934872;1770656944933272;69232.91170206;17.13581889;ask;1
1770656944937524;1770656944933276;484496.59813758;7.08177212;ask;1
1770656944934872;1770656944933279;961254.84902277;18.22894665;ask;1
1770656944933557;1770656944933283;931975.78533243;10.39416938;bid;0
1770656944936996;1770656944933287;352916.23611436;16.17504834;ask;0
1770656944936593;1770656944933291;823503.67882584;13.09755466;ask;1
1770656944934260;1770656944933294;238013.60548637;7.02483537;ask;0
1770656944933692;1770656944933298;594574.69304967;3.89092162;ask;0
1770656944936758;1770656944933302;272560.58760548;3.35686156;bid;1
1770656944933790;1770656944933305;765476.00739647;16.79154966;bid;1
1770656944937439;1770656944933309;616708.60190001;3.71533447;ask;0
1770656944934492;1770656944933313;57482.82384735;5.46846135;bid;1
1770656944937117;1770656944933317;554852.07287014;7.85973248;bid;1
1770656944937925;1770656944933320;341854.21474475;17.56236617;ask;1
1770656944935310;1770656944933324;642184.02733939;6.58449430;ask;1
1770656944933527;1770656944933328;352138.59495679;3.37121823;bid;0
1770656944937383;1770656944933332;177756.12724532;16.64119700;bid;0
1770656944937369;1770656944933335;551517.11560714;13.24819395;bid;1
1770656944934474;1770656944933339;398662.83302933;17.66581771;ask;1
1770656944934388;1770656944933343;415010.56729296;5.10932493;bid;0
1770656944934582;1770656944933347;661786.77686191;12.37929356;bid;1
1770656944938317;1770656944933350;789742.11899025;9.98948905;bid;1
1770656944933828;1770656944933354;901863.51138391;1.69164367;ask;1
1770656944935892;1770656944933358;458578.83762782;14.10147149;bid;1
1770656944938148;1770656944933362;632888.59631330;6.32219431;bid;1
1770656944936843;1770656944933366;49762.57459770;17.74927078;bid;1
1770656944933896;1770656944933369;320883.71428560;8.04967814;ask;0
1770656944934937;1770656944933373;756056.81076924;13.38163589;ask;1
1770656944934740;1770656944933377;641087.17233583;12.40756202;ask;0
1770656944936623;1770656944933381;187790.13807825;1.64389312;bid;1
1770656944937007;1770656944933384;923051.64781702;15.51895436;bid;0
1770656944934478;1770656944933388;870343.10427743;3.76737111;ask;1
1770656944936887;1770656944933392;948198.54421248;6.86719920;ask;0
1770656944938286;1770656944933395;989261.19916961;4.55726614;bid;0
1770656944934518;1770656944933400;117895.53274938;17.82957446;ask;1
1770656944934127;1770656944933403;854384.95018060;14.17982726;bid;1
1770656944933956;1770656944933407;667871.57402343;1.23407846;bid;0
1770656944937337;1770656944933411;26670.94182590;15.90176167;bid;0
1770656944934715;1770656944933415;396641.13405918;6.82072682;bid;1
1770656944933616;1770656944933418;277393.65880616;14.30660917;bid;1
1770656944936121;1770656944933422;112058.11080319;11.50348838;bid;1
1770656944934974;1770656944933426;74133.78293738;16.96224926;ask;0
1770656944935956;1770656944933429;636641.08499395;10.93006810;bid;1
1770656944937505;1770656944933433;143504.10109092;6.03262581;ask;0
1770656944937296;1770656944933436;740662.94870171;4.13095314;bid;1
1770656944935334;1770656944933440;255961.10028737;8.78772400;ask;0
1770656944934240;1770656944933444;522517.42529785;7.56661976;bid;0
1770656944937466;1770656944933447;822953.03067489;3.65839507;ask;0
1770656944936275;1770656944933451;218792.01567736;15.32029127;bid;1
1770656944936848;1770656944933455;29013.57388556;12.56595437;ask;1
1770656944935009;1770656944933459;384577.29220500;10.86803289;bid;0
1770656944936238;1770656944933462;332066.71220473;10.40255748;ask;0
1770656944934990;1770656944933466;230814.87564248;6.70548257;ask;1
1770656944935731;1770656944933470;348669.17898637;4.18301309;bid;1
1770656944935958;1770656944933474;619036.59959035;19.52753055;ask;0
1770656944935396;1770656944933478;360269.06722735;5.82178608;bid;1
1770656944937053;1770656944933481;173338.50837545;19.30553578;bid;0
1770656944935807;1770656944933485;18704.36043883;5.27654726;ask;1
1770656944935076;1770656944933489;25375.40829383;10.66644587;bid;1
1770656944934086;1770656944933492;350010.50157051;16.31011560;ask;0
1770656944938468;1770656944933496;996537.28863216;0.24538308;bid;1
1770656944937731;1770656944933500;519772.25839715;11.73171119;bid;1
1770656944936914;1770656944933503;167945.48288489;8.58716044;ask;1
1770656944933921;1770656944933507;238766.98964879;2.48895145;ask;0
1770656944933649;1770656944933511;740426.06309885;4.45071589;bid;0
1770656944935744;1770656944933514;61599.16813069;1.49313166;ask;0
1770656944936839;1770656944933519;132904.98483487;19.10292998;bid;1
1770656944937254;1770656944933523;594376.17082586;3.89538149;ask;0
1770656944933737;1770656944933527;391853.77273536;19.76674664;bid;1
1770656944935484;1770656944933530;315437.65028919;11.15150939;ask;0
1770656944935017;1770656944933534;148493.19270519;13.14986544;bid;0
1770656944934295;1770656944933538;16907.19723486;8.47169956;ask;0
1770656944935282;1770656944933542;264972.26786077;9.91622887;bid;0
1770656944934960;1770656944933546;452711.27513848;6.21030076;ask;0
1770656944934572;1770656944933549;875816.51361317;0.67421317;bid;0
1770656944935160;1770656944933553;903246.72110129;4.71925480;bid;1
1770656944934746;1770656944933556;875151.53123975;3.00703856;ask;0
1770656944937289;1770656944933560;304744.07182579;0.88132160;bid;1
1770656944935888;1770656944933570;592683.74917509;4.43809961;ask;0
1770656944934179;1770656944933575;830328.03358475;12.60255460;ask;1
1770656944937032;1770656944933578;122956.01950956;8.78479582;bid;0
1770656944934662;1770656944933582;66007.87267031;5.50030384;bid;1
1770656944936273;1770656944933586;38147.23593102;3.18264980;bid;1
1770656944936458;1770656944933589;527712.86985375;14.16210259;bid;0
1770656944938102;1770656944933593;431995.27098725;4.41509640;ask;1
1770656944938594;1770656944933597;349992.65954186;7.34906059;ask;0
1770656944935921;1770656944933601;105161.13220589;7.60692972;ask;0
1770656944937423;1770656944933605;707078.42382810;3.23173820;bid;1
1770656944934608;1770656944933608;479471.14489774;19.42138920;bid;0
1770656944937983;1770656944933612;471574.61402563;11.78508965;bid;1
1770656944935023;1770656944933616;406500.51076901;9.36918847;bid;1
1770656944935613;1770656944933619;141001.35142632;11.07443806;ask;1
1770656944938585;1770656944933623;732986.06191835;2.92645002;bid;1
1770656944935624;1770656944933626;783842.71543591;19.79253658;bid;1
1770656944934263;1770656944933630;224767.78670262;6.96529633;bid;1
1770656944935282;1770656944933634;800218.75391604;11.17748047;bid;1
1770656944938507;1770656944933637;885366.61757007;8.85251990;ask;0
1770656944938461;1770656944933641;578802.16899168;17.98333011;bid;0
1770656944937527;1770656944933645;558235.08128446;8.92666391;ask;0
1770656944937099;1770656944933648;28659.00041575;14.75809409;bid;1
1770656944936232;1770656944933652;360314.84381613;12.93208303;bid;0
1770656944936837;1770656944933656;426126.41746972;1.21158737;ask;1
1770656944935218;1770656944933660;964556.90413198;12.09844642;ask;1
1770656944936090;1770656944933664;313338.03987103;5.45631984;bid;1
1770656944936488;1770656944933667;451115.10678101;9.26017424;ask;1
1770656944935679;1770656944933671;870361.00745685;5.25980627;ask;0
1770656944933868;1770656944933675;658109.21839384;16.64005518;bid;1
1770656944934481;1770656944933678;918171.77227288;13.63309711;bid;0
1770656944934003;1770656944933682;414530.27170289;17.04841655;ask;1
1770656944937820;1770656944933686;328548.99413075;9.02932982;bid;0
1770656944936583;1770656944933690;501267.76411405;4.36852266;ask;0
1770656944938100;1770656944933693;447832.98880521;19.55783072;bid;1
1770656944938654;1770656944933697;255508.23096887;17.11566626;bid;1
1770656944936317;1770656944933701;559531.62790405;0.25516759;bid;0
1770656944937794;1770656944933704;95640.92556997;9.07367630;ask;0
1770656944936181;1770656944933708;572703.25625958;1.52044601;ask;1
1770656944934537;1770656944933712;900267.36954987;8.92326822;bid;1
1770656944934095;1770656944933716;692483.55834773;11.25960846;bid;0
1770656944935152;1770656944933719;914355.91766888;11.80794046;ask;0
1770656944935609;1770656944933723;339939.44113825;15.25187613;ask;0
1770656944934076;1770656944933727;735125.99787459;12.70118946;bid;0
1770656944937811;1770656944933730;527571.63159521;8.78269205;bid;1
1770656944937912;1770656944933734;297413.19696346;16.57899472;bid;0
1770656944937081;1770656944933738;802504.24597358;5.88377124;bid;0
1770656944935174;1770656944933741;868515.43959155;8.20860251;ask;1
1770656944934587;1770656944933745;745968.60235724;13.10383660;bid;0
1770656944936652;1770656944933749;942734.60159435;17.55673133;ask;1
1770656944938161;1770656944933752;461277.79011287;15.63216167;bid;0
1770656944938150;1770656944933756;873599.19735676;17.55307679;ask;1
1770656944937767;1770656944933760;728271.18122829;9.61530413;bid;0
1770656944934855;1770656944933764;981147.71499627;9.55386896;ask;1
1770656944936593;1770656944933768;778549.29478948;10.55938029;ask;1
1770656944937086;1770656944933771;711954.82125914;17.70899390;bid;0
1770656944934491;1770656944933775;913652.87725178;0.02150451;bid;1
1770656944934881;1770656944933778;636552.74141849;8.22679851;bid;0
1770656944934258;1770656944933782;941260.85897061;13.16442927;ask;1
1770656944935999;1770656944933786;858013.99476229;7.65866057;ask;1
1770656944936811;1770656944933789;450491.40311738;2.39906426;ask;1
1770656944937530;1770656944933793;873431.33615446;8.74128425;bid;0
1770656944935871;1770656944933797;655478.22014404;18.41093068;bid;1
1770656944936192;1770656944933800;776631.00920497;14.96930639;ask;1
1770656944936313;1770656944933804;68780.17940690;15.62094496;ask;1
1770656944938579;1770656944933807;452248.14514403;16.58191553;bid;0
1770656944935892;1770656944933811;149524.57353987;7.01568153;ask;1
1770656944935115;1770656944933815;412007.55860753;10.58472667;bid;1
1770656944934208;1770656944933818;835226.92638159;4.32915506;bid;1
1770656944938716;1770656944933822;481103.95355464;1.28883284;ask;1
1770656944935631;1770656944933826;995768.48016112;5.98294677;ask;0
1770656944937072;1770656944933829;340705.49636589;18.56612514;ask;1
1770656944938602;1770656944933833;350224.25059649;17.33097945;ask;1
1770656944936388;1770656944933837;892498.69493214;10.52543550;bid;0
1770656944937001;1770656944933841;330193.49541701;12.14303518;bid;0
1770656944937456;1770656944933844;24967.24940473;3.74721165;bid;1
1770656944935703;1770656944933848;657772.63783017;10.57115538;bid;1
1770656944938579;1770656944933852;966590.86816548;14.14963756;ask;1
1770656944935233;1770656944933861;693329.08017526;9.46827307;ask;0
1770656944935385;1770656944933865;162562.36488062;18.68886281;ask;1
1770656944935506;1770656944933869;32759.43552938;18.11661649;bid;0
1770656944934658;1770656944933873;511002.29054557;5.87201163;bid;1
1770656944934856;1770656944933876;254991.75751945;0.63921296;ask;0
1770656944938850;1770656944933880;121924.36846874;0.40300776;ask;1
1770656944935057;1770656944933884;511180.14031891;0.91060176;bid;0
1770656944934833;1770656944933887;542736.25786293;7.69436920;bid;0
1770656944937942;1770656944933891;186782.07824883;10.34294950;bid;1
1770656944935122;1770656944933895;952492.30626452;4.91957981;ask;1
1770656944934542;1770656944933899;579489.63580842;17.20295536;ask;1
1770656944937915;1770656944933902;998658.50988693;9.30664293;ask;0
1770656944934834;1770656944933906;413606.01931270;0.84769599;ask;1
1770656944934678;1770656944933910;245432.47893064;6.44189352;ask;0
1770656944938058;1770656944933914;74384.54252327;19.31531827;ask;0
1770656944937439;1770656944933917;745306.81987076;4.30222400;bid;0
1770656944936816;1770656944933921;386498.82269456;8.86921844;ask;1
1770656944938787;1770656944933925;326217.58223331;13.85525977;ask;1
1770656944935005;1770656944933928;725669.38261064;16.78726321;bid;1
1770656944934238;1770656944933932;669926.76560405;3.33966591;bid;0
1770656944938765;1770656944933936;693361.59204866;8.61809796;ask;1
1770656944936498;1770656944933940;461767.61857847;1.79030287;bid;1
1770656944935603;1770656944933943;584473.77741724;14.81883450;bid;1
1770656944937393;1770656944933947;228379.64914781;1.23702698;ask;1
1770656944934212;1770656944933951;170716.11400385;7.51100426;bid;1
1770656944938895;1770656944933954;496641.91573385;17.86430739;bid;0
1770656944934222;1770656944933958;830644.58423847;5.15188662;ask;0
1770656944936784;1770656944933962;40955.08737845;10.17680926;ask;0
1770656944936303;1770656944933966;544495.27859374;18.91716210;ask;1
1770656944936063;1770656944933970;632406.39143636;10.69105484;ask;0
1770656944937064;1770656944933973;70050.19752412;2.68050073;ask;1
1770656944938880;1770656944933977;266021.90365034;19.70318108;bid;0
1770656944937645;1770656944933981;463098.81995272;1.65923176;ask;1
1770656944936752;1770656944933985;874754.19853810;5.77482486;ask;0
1770656944938327;1770656944933988;36878.41555868;5.10376629;bid;1
1770656944936081;1770656944933992;618239.08105421;14.22138439;ask;0
1770656944935398;1770656944933996;408032.69750741;9.13814752;bid;1
1770656944937505;1770656944933999;220657.48658603;9.52470076;bid;0
1770656944934658;1770656944934003;924950.90943661;2.44560788;bid;0
1770656944935042;1770656944934007;210776.09324222;14.25004979;bid;0
1770656944937693;1770656944934011;830194.61514510;12.07404677;bid;0
1770656944936429;1770656944934015;919195.74282821;5.28856242;bid;0
1770656944936640;1770656944934019;146968.53340057;11.64395682;ask;0
1770656944935832;1770656944934030;97957.48670973;16.58266467;bid;0
1770656944936044;1770656944934034;883761.92516776;19.98145735;bid;1
1770656944934420;1770656944934038;694936.97211764;1.99744706;ask;1
1770656944934999;1770656944934041;451248.68937964;7.14300663;ask;0
1770656944937984;1770656944934045;717143.02544232;13.91787526;ask;1
1770656944938956;1770656944934049;909685.71604567;13.89188609;ask;0
1770656944938783;1770656944934053;363157.06590113;13.82180404;ask;0
1770656944934713;1770656944934056;201693.49847776;4.19431801;ask;1
1770656944934203;1770656944934060;664247.01545591;0.65122457;ask;0
1770656944935153;1770656944934064;794760.86276690;13.86415768;ask;1
1770656944936823;1770656944934067;470533.84999573;11.41133129;bid;1
1770656944935405;1770656944934071;77259.88474744;16.48246352;ask;0
1770656944934953;1770656944934075;588086.94394645;14.94140428;ask;0
1770656944938477;1770656944934078;410308.73111362;17.87183344;ask;0
1770656944938216;1770656944934082;858959.10980993;8.51315566;ask;1
1770656944936025;1770656944934086;849640.17751732;10.38711930;ask;1
1770656944934274;1770656944934089;769269.96794650;5.28956600;ask;1
1770656944936660;1770656944934093;207002.41408235;12.05027746;ask;1
1770656944936926;1770656944934097;102431.60487413;16.74360095;ask;0
1770656944937529;1770656944934101;102295.18868184;12.88375614;bid;1
1770656944939018;1770656944934105;150203.05375818;13.88705416;ask;0
1770656944934626;1770656944934108;666265.71235364;7.37683782;ask;1
1770656944934899;1770656944934112;111840.97578979;3.38868493;ask;0
1770656944938704;1770656944934116;942435.26168969;9.80515783;ask;1
1770656944935152;1770656944934120;587173.45270457;9.00825062;ask;1
1770656944934960;1770656944934123;659204.23881003;3.98331527;bid;0
1770656944937288;1770656944934127;486803.53095626;19.01420945;ask;0
1770656944937110;1770656944934131;6797.42649716;0.20370235;ask;1
1770656944938227;1770656944934134;352021.61278354;13.39058229;bid;1
1770656944937689;1770656944934138;362288.13185774;10.81064122;ask;1
1770656944934379;1770656944934142;280183.55383277;1.85795714;ask;1
1770656944936118;1770656944934146;75523.84678333;13.57943584;ask;0
1770656944937361;1770656944934150;728775.06054508;10.72659434;bid;1
1770656944937761;1770656944934153;489105.11688258;5.35833889;bid;1
1770656944936791;1770656944934157;443932.14308870;0.00209454;bid;1
1770656944938270;1770656944934161;747004.91031494;13.17716760;ask;0
1770656944936335;1770656944934165;578933.60040863;1.09172913;bid;0
1770656944936028;1770656944934168;964591.29601534;3.35782446;ask;1
1770656944938041;1770656944934172;964683.83443225;0.42035920;bid;0
1770656944938684;1770656944934176;347477.73432889;7.78438360;ask;0
